@inproceedings{breazeal1999build,
  title={How to build robots that make friends and influence people},
  author={Breazeal, Cynthia and Scassellati, Brian},
  booktitle={Intelligent Robots and Systems, 1999. IROS'99. Proceedings. 1999 IEEE/RSJ International Conference on},
  volume={2},
  pages={858--863},
  year={1999},
  organization={IEEE}
}

@inproceedings{zuluaga2005reducing,
  title={Reducing spatial interference in robot teams by local-investment aggression},
  author={Zuluaga, Mauricio and Vaughan, Richard},
  booktitle={Intelligent Robots and Systems, 2005.(IROS 2005). 2005 IEEE/RSJ International Conference on},
  pages={2798--2805},
  year={2005},
  organization={IEEE}
}

@article{fox1997dynamic,
  title={The dynamic window approach to collision avoidance},
  author={Fox, Dieter and Burgard, Wolfram and Thrun, Sebastian},
  journal={IEEE Robotics \& Automation Magazine},
  volume={4},
  number={1},
  pages={23--33},
  year={1997},
  publisher={IEEE}
}

@inproceedings{van2008reciprocal,
  title={Reciprocal velocity obstacles for real-time multi-agent navigation},
  author={Van den Berg, Jur and Lin, Ming and Manocha, Dinesh},
  booktitle={Robotics and Automation, 2008. ICRA 2008. IEEE International Conference on},
  pages={1928--1935},
  year={2008},
  organization={IEEE}
}


@inproceedings{sadat2012bravo,
  title={Bravo: Biased reciprocal velocity obstacles break symmetry in dense robot populations},
  author={Sadat, Seyed Abbas and Vaughan, Richard T},
  booktitle={Computer and Robot Vision (CRV), 2012 Ninth Conference on},
  pages={441--447},
  year={2012},
  organization={IEEE}
}


@article{karamouzas2009predictive,
  title={A Predictive Collision Avoidance Model for Pedestrian Simulation.},
  author={Karamouzas, Ioannis and Heil, Peter and van Beek, Pascal and Overmars, Mark H},
  journal={MIG},
  volume={9},
  pages={41--52},
  year={2009},
  publisher={Springer}
}


@article{kretzschmar2016socially,
  title={Socially compliant mobile robot navigation via inverse reinforcement learning},
  author={Kretzschmar, Henrik and Spies, Markus and Sprunk, Christoph and Burgard, Wolfram},
  journal={The International Journal of Robotics Research},
  volume={35},
  number={11},
  pages={1289--1307},
  year={2016},
  publisher={SAGE Publications Sage UK: London, England}
}

@article{shiomi2014towards,
  title={Towards a socially acceptable collision avoidance for a mobile robot navigating among pedestrians using a pedestrian model},
  author={Shiomi, Masahiro and Zanlungo, Francesco and Hayashi, Kotaro and Kanda, Takayuki},
  journal={International Journal of Social Robotics},
  volume={6},
  number={3},
  pages={443--455},
  year={2014},
  publisher={Springer}
}


@inproceedings{park2017backchannel,
  title={Backchannel opportunity prediction for social robot listeners},
  author={Park, Hae Won and Gelsomini, Mirko and Lee, Jin Joo and Zhu, Tonghui and Breazeal, Cynthia},
  booktitle={Robotics and Automation (ICRA), 2017 IEEE International Conference on},
  pages={2308--2314},
  year={2017},
  organization={IEEE}
}


@inproceedings{mutlu2009footing,
  title={Footing in human-robot conversations: how robots might shape participant roles using gaze cues},
  author={Mutlu, Bilge and Shiwa, Toshiyuki and Kanda, Takayuki and Ishiguro, Hiroshi and Hagita, Norihiro},
  booktitle={Proceedings of the 4th ACM/IEEE international conference on Human robot interaction},
  pages={61--68},
  year={2009},
  organization={ACM}
}


@misc{pfeifer1996building,
  title={Building fungus eaters: Design principles of autonomous agents},
  author={Pfeifer, Rolf},
  year={1996},
  publisher={From Animals to Animats, Cambridge, MA: MIT Press}
}


@article{hawes2016strands,
  title={The strands project: Long-term autonomy in everyday environments},
  author={Hawes, Nick and Burbridge, Chris and Jovan, Ferdian and Kunze, Lars and Lacerda, Bruno and Mudrov{\'a}, Lenka and Young, Jay and Wyatt, Jeremy and Hebesberger, Denise and K{\"o}rtner, Tobias and others},
  journal={arXiv preprint arXiv:1604.04384},
  year={2016}
}

@misc{EconomistAuto,
  title = {Why autonomous and self-driving cars are not the same},
  howpublished = {\url{https://www.economist.com/blogs/economist-explains/2015/07/economist-explains}},
  note = {Accessed: 2017-09-14}
}

%cultural differences ref

@inproceedings{bartneck2005ssaisb,
  title={Cultural differences in attitudes towards robots},
  author={Bartneck, Christoph and Nomura, Tatsuya and Kanda, Takayuki and Suzuki, Tomohiro and Kato, Kennesuke},
  booktitle={Proceedings of the Symposium on Robot Companions},
  pages={1-4},
  year={2005},
  organization={SSAISB}
}
%previous aggression research on groups of robots ref

@inproceedings{zhang2006icra,
  title={Ganging up: Team-based aggression expands the population/performance envelope in a multi-robot system.},
  author={Yinan, Zhang and Vaughan, Richard},
  booktitle={Proceedings of the International Conference on Robotics and Automation},
  pages={589-594},
  year={2006},
  organization={IEEE}
}

\bibitem{c12}  

